@book{smullyan1992godel,
  title={G{\"o}del's incompleteness theorems},
  author={Smullyan, Raymond M},
  year={1992},
  publisher={Oxford University Press on Demand}
}